@article{pettorossi1994transformation,
  title={Transformation of logic programs: Foundations and techniques},
  author={Pettorossi, Alberto and Proietti, Maurizio},
  journal={The Journal of Logic Programming},
  volume={19},
  pages={261--320},
  year={1994},
  publisher={Elsevier}
}
@article{burstall1977transformation,
  title={A transformation system for developing recursive programs},
  author={Burstall, Rod M and Darlington, John},
  journal={Journal of the ACM (JACM)},
  volume={24},
  number={1},
  pages={44--67},
  year={1977},
  publisher={ACM}
}
@article{mycroft1984polymorphic,
  title={A polymorphic type system for Prolog},
  author={Mycroft, Alan and O'Keefe, Richard A},
  journal={Artificial intelligence},
  volume={23},
  number={3},
  pages={295--307},
  year={1984},
  publisher={Elsevier}
}
@incollection{schrijvers2008towards,
  title={Towards typed prolog},
  author={Schrijvers, Tom and Costa, V{\'\i}tor Santos and Wielemaker, Jan and Demoen, Bart},
  booktitle={Logic Programming},
  pages={693--697},
  year={2008},
  publisher={Springer}
}
@article{barbuti1992bottom,
  title={A bottom-up polymorphic type inference in logic programming},
  author={Barbuti, Roberto and Giacobazzi, Roberto},
  journal={Science of computer programming},
  volume={19},
  number={3},
  pages={281--313},
  year={1992},
  publisher={Elsevier}
}
@inproceedings{hadjichristodoulou2012gradual,
  title={A Gradual Polymorphic Type System with Subtyping for Prolog},
  author={Hadjichristodoulou, Spyros},
  booktitle={LIPIcs-Leibniz International Proceedings in Informatics},
  volume={17},
  year={2012},
  organization={Schloss Dagstuhl-Leibniz-Zentrum fuer Informatik}
}
@inproceedings{ponsini2012refining,
  title={Refining abstract interpretation based value analysis with constraint programming techniques},
  author={Ponsini, Olivier and Michel, Claude and Rueher, Michel},
  booktitle={Principles and Practice of Constraint Programming},
  pages={593--607},
  year={2012},
  organization={Springer}
}
@inproceedings{holmer1990fast,
  title={Fast Prolog with an extended general purpose architecture},
  author={Holmer, Bruce K and Sano, Barton and Carlton, Michael and Van Roy, Peter and Haygood, Ralph and Bush, William R and Despain, Alvin M and Pendleton, Joan M and Dobry, Tep},
  booktitle={ACM SIGARCH Computer Architecture News},
  volume={18},
  number={2SI},
  pages={282--291},
  year={1990},
  organization={ACM}
}